<?xml version="1.0" encoding="UTF-8"?><collection xmlns="http://www.loc.gov/MARC21/slim"><record><leader>00823nam--2200205-i-4500</leader><controlfield tag="001">000007228</controlfield><controlfield tag="002">20161230</controlfield><controlfield tag="005">20161230201027</controlfield><controlfield tag="008">060222s1000------------r-----000-0-eng-d</controlfield><datafield ind1=" " ind2=" " tag="020"><subfield code="a">0120146525</subfield></datafield><datafield ind1=" " ind2=" " tag="040"><subfield code="a">IFIN-HH</subfield></datafield><datafield ind1=" " ind2=" " tag="080"><subfield code="a">621.38:537.1</subfield></datafield><datafield ind1="1" ind2=" " tag="100"><subfield code="a">Marton, L</subfield></datafield><datafield ind1="1" ind2="0" tag="245"><subfield code="a">Advances in electronics and electron physics</subfield><subfield code="b">Volume 52 photo-electronic image devices proceedings of the seventh symposium on photo-electronic image devices held at the laboratory, imperial college, london, september 4-8, 1978 l. marton, c. marton (series eds.) b.l. morgan, d. mcmullan (eds.)</subfield><subfield code="c">L. marton, c. marton (eds.)</subfield></datafield><datafield ind1=" " ind2=" " tag="260"><subfield code="a">New York</subfield><subfield code="b">Academic Press</subfield><subfield code="c">1979</subfield></datafield><datafield ind1=" " ind2=" " tag="300"><subfield code="a">532P</subfield></datafield><datafield ind1=" " ind2=" " tag="490"><subfield code="a">Advances In Electronics And Electron Physics</subfield></datafield><datafield ind1="1" ind2=" " tag="700"><subfield code="a">Mcmullan, D</subfield><subfield code="e">Ed</subfield></datafield><datafield ind1=" " ind2=" " tag="852"><subfield code="a">871</subfield><subfield code="c">537.533</subfield></datafield><datafield ind1=" " ind2=" " tag="CAT"><subfield code="a">Sys</subfield><subfield code="c">20110812</subfield><subfield code="h">090742</subfield></datafield></record></collection>